@misc{ wiki:kernels,
  author = {{Kernel (statistics)}},
  title = "Kernel (Statistics) --- {W}ikipedia{,} The Free Encyclopedia",
  year = "2025",
  url = "https://en.wikipedia.org/wiki/Kernel_(statistics)",
  note = "[Online; accessed 10-04-2025]"
}

@ARTICLE{1269594,
  author={Kurgan, L.A. and Cios, K.J.},
  journal={IEEE Transactions on Knowledge and Data Engineering}, 
  title={CAIM discretization algorithm}, 
  year={2004},
  volume={16},
  number={2},
  pages={145-153},
  keywords={Machine learning algorithms;Decision trees;Data mining;Discrete transforms;Algorithm design and analysis;Spatial databases;Testing;Performance evaluation;Classification tree analysis;Internet},
  doi={10.1109/TKDE.2004.1269594}}


@inproceedings{liu1995chi2,
  title={Chi2: Feature selection and discretization of numeric attributes},
  author={Liu, Huan and Setiono, Rudy},
  booktitle={Proceedings of 7th IEEE international conference on tools with artificial intelligence},
  pages={388--391},
  year={1995},
  organization={Ieee}
}